<?xml version="1.0" encoding="UTF-8"?><collection xmlns="http://www.loc.gov/MARC21/slim"><record><leader>00529nam--2200193-i-4500</leader><controlfield tag="001">000024575</controlfield><controlfield tag="002">20161230</controlfield><controlfield tag="005">20161230201035</controlfield><controlfield tag="008">060222s1000------------r-----000-0-rus-d</controlfield><datafield ind1=" " ind2=" " tag="040"><subfield code="a">IFIN-HH</subfield></datafield><datafield ind1=" " ind2=" " tag="041"><subfield code="a">rus</subfield></datafield><datafield ind1=" " ind2=" " tag="080"><subfield code="a">621.315.59</subfield></datafield><datafield ind1="1" ind2=" " tag="100"><subfield code="a">Ghitu, D.V</subfield></datafield><datafield ind1="1" ind2="0" tag="245"><subfield code="a">Troinie uzkozonnie poluprovodniki a iii b v c 2vi i ih tverdie rastvori</subfield><subfield code="c">D.v. ghitu, v.g. kanter, n.s. popovici</subfield></datafield><datafield ind1=" " ind2=" " tag="260"><subfield code="a">Kisinev</subfield><subfield code="b">Stiinta</subfield><subfield code="c">1986</subfield></datafield><datafield ind1=" " ind2=" " tag="300"><subfield code="a">305P</subfield></datafield><datafield ind1="1" ind2=" " tag="700"><subfield code="a">Popovici, N.S</subfield></datafield><datafield ind1=" " ind2=" " tag="852"><subfield code="a">74019</subfield><subfield code="c">53</subfield></datafield><datafield ind1=" " ind2=" " tag="CAT"><subfield code="a">Sys</subfield><subfield code="c">20150811</subfield><subfield code="h">113737</subfield></datafield></record></collection>